<record><leader>00000cas a22000007a 4500</leader><controlfield tag="001">27393048</controlfield><controlfield tag="008">930208d183u183unyuwr ne      0    0eng d</controlfield><datafield ind1=" " ind2=" " tag="010"><subfield code="a">sn 93063559 </subfield></datafield><datafield ind1=" " ind2=" " tag="040"><subfield code="a">NYS</subfield><subfield code="b">eng</subfield><subfield code="c">NYS</subfield><subfield code="d">OCL</subfield><subfield code="d">OCLCQ</subfield><subfield code="d">OCLCF</subfield><subfield code="d">OCLCO</subfield></datafield><datafield ind1="1" ind2=" " tag="029"><subfield code="a">AU@</subfield><subfield code="b">000020132842</subfield></datafield><datafield ind1=" " ind2=" " tag="042"><subfield code="a">msc</subfield></datafield><datafield ind1=" " ind2=" " tag="043"><subfield code="a">n-us-ny</subfield></datafield><datafield ind1="0" ind2="4" tag="245"><subfield code="a">The Voice of the people and Albany Whig.</subfield></datafield><datafield ind1=" " ind2=" " tag="260"><subfield code="a">Albany [N.Y.] :</subfield><subfield code="b">J.B. Van Schaick &amp; Co.</subfield></datafield><datafield ind1=" " ind2=" " tag="300"><subfield code="a">v.</subfield></datafield><datafield ind1=" " ind2=" " tag="310"><subfield code="a">Weekly</subfield></datafield><datafield ind1=" " ind2=" " tag="515"><subfield code="a">Also called: "New series."</subfield></datafield><datafield ind1=" " ind2=" " tag="580"><subfield code="a">Daily ed.: Albany daily advertiser (Albany, N.Y. : 1822).</subfield></datafield><datafield ind1=" " ind2=" " tag="580"><subfield code="a">Semiweekly ed.: Albany gazette (Albany, N.Y. : 1817).</subfield></datafield><datafield ind1=" " ind2=" " tag="588"><subfield code="a">Description based on: Vol. 3, no. 138 (Feb. 21, 1837).</subfield></datafield><datafield ind1=" " ind2="0" tag="651"><subfield code="a">Albany (N.Y.)</subfield><subfield code="v">Newspapers.</subfield></datafield><datafield ind1=" " ind2="7" tag="655"><subfield code="a">Newspapers.</subfield><subfield code="2">fast</subfield><subfield code="0">(OCoLC)fst01423814</subfield></datafield><datafield ind1=" " ind2="7" tag="651"><subfield code="a">New York (State)</subfield><subfield code="z">Albany.</subfield><subfield code="2">fast</subfield><subfield code="0">(OCoLC)fst01225716</subfield></datafield><datafield ind1=" " ind2=" " tag="752"><subfield code="a">United States</subfield><subfield code="b">New York</subfield><subfield code="c">Albany</subfield><subfield code="d">Albany.</subfield></datafield><datafield ind1="1" ind2=" " tag="775"><subfield code="t">Albany daily advertiser (Albany, N.Y. : 1822)</subfield><subfield code="w">(DLC)sn 83030887</subfield><subfield code="w">(OCoLC)9699865</subfield></datafield><datafield ind1="1" ind2=" " tag="775"><subfield code="t">Albany gazette (Albany, N.Y. : 1817)</subfield><subfield code="w">(DLC)sn 83030890</subfield><subfield code="w">(OCoLC)9703335</subfield></datafield><datafield ind1="0" ind2="0" tag="780"><subfield code="t">Albany Whig</subfield><subfield code="w">(DLC)sn 92061763</subfield><subfield code="w">(OCoLC)25663140</subfield></datafield><datafield ind1="0" ind2="0" tag="785"><subfield code="t">Albany weekly gazette</subfield><subfield code="w">(DLC)sn 83030893</subfield><subfield code="w">(OCoLC)9703494</subfield></datafield></record>